<?xml version="1.0" encoding="utf-8"?>
<record xmlns="http://www.loc.gov/MARC21/slim" xmlns:xsi="http://www.w3.org/2001/XMLSchema-instance" xsi:schemaLocation="http://www.loc.gov/MARC21/slim http://www.loc.gov/standards/marcxml/schema/MARC21slim.xsd">
	<leader>     nam a22        4500</leader>
	<controlfield tag="001">3368901</controlfield>
	<controlfield tag="003">NNC</controlfield>
	<controlfield tag="006">m        d        </controlfield>
	<controlfield tag="007">cr cn |||m|||a</controlfield>
	<controlfield tag="008">160408m19351936ua      o     000 0 ara d</controlfield>
	<datafield ind1=" " ind2=" " tag="040">
		<subfield code="a">NNU</subfield>
		<subfield code="b">eng</subfield>
		<subfield code="e">rda</subfield>
		<subfield code="c">NNU</subfield>
	</datafield>
	<datafield ind1="1" ind2=" " tag="100">
		<subfield code="a">Bakrī, Abū ʻUbayd ʻAbd Allāh ibn ʻAbd al-ʻAzīz,</subfield>
		<subfield code="d">1040-1094.</subfield>
	</datafield>
	<datafield ind1="1" ind2="0" tag="240">
		<subfield code="a">Laʼālī fī sharḥ Amālī al-Qālī</subfield>
	</datafield>
	<datafield ind1="1" ind2="0" tag="245">
		<subfield code="a">Simṭ al-Laʼālī :</subfield>
		<subfield code="b">wa-yaḥtawī ʻalá al-niṣf al-awwal min al- Laʼālī fī sharḥ Amālī al-Qālī /</subfield>
		<subfield code="c">li-Abī ʻUbayd al-Bakrī al-Awbanī ʻan nuskhatayn makhṭūṭatayn ; nasakhahu wa-ṣaḥḥaḥahu wa-naqqaḥahu wa- ḥaqqaqa mā-fīhi wa-istakhrajahu min buṭūni dawāwīn al-ʻilm ʻAbd al-ʻAzīz al-Maymanī ; mudhayyilan bi-Dhayl al-Laʼālī sharḥ dhayl Amālī al-Qālī wa-ifādāt ʻalá ṭabʻat al-dār min al-Amālī wa-fahāris mustawfāt wa-muṣaddaran bi-tarjamat al-Bakrī.</subfield>
	</datafield>
	<datafield ind1=" " ind2=" " tag="260">
		<subfield code="a">[Cairo] :</subfield>
		<subfield code="b">Lajnat al-Taʼlīf wa-al-Tarjamah wa-al-Nashr,</subfield>
		<subfield code="c">1935-1936.</subfield>
	</datafield>
	<datafield ind1=" " ind2=" " tag="300">
		<subfield code="a">online resource (3 volumes in 2)</subfield>
	</datafield>
	<datafield ind1=" " ind2=" " tag="336">
		<subfield code="a">text</subfield>
		<subfield code="2">rdacontent</subfield>
	</datafield>
	<datafield ind1=" " ind2=" " tag="337">
		<subfield code="a">computer</subfield>
		<subfield code="2">rdamedia</subfield>
	</datafield>
	<datafield ind1=" " ind2=" " tag="338">
		<subfield code="a">online resource</subfield>
		<subfield code="2">rdacarrier</subfield>
	</datafield>
	<datafield ind1=" " ind2=" " tag="500">
		<subfield code="a">Vol. 3 dated: 1935.</subfield>
	</datafield>
	<datafield ind1=" " ind2=" " tag="500">
		<subfield code="a">Part of the Arabic Collections Online (ACO) project, contributed by Columbia University Libraries.</subfield>
	</datafield>
	<datafield ind1=" " ind2=" " tag="533">
		<subfield code="a">Electronic reproduction.</subfield>
		<subfield code="b">New York, N.Y. :</subfield>
		<subfield code="c">New York University,</subfield>
		<subfield code="d">2016.</subfield>
		<subfield code="5">NNU</subfield>
	</datafield>
	<datafield ind1="1" ind2="0" tag="600">
		<subfield code="a">Qālī, Abū ʻAlī Ismāʻīl ibn al-Qāsim,</subfield>
		<subfield code="d">901?-967?</subfield>
		<subfield code="t">Amālī.</subfield>
	</datafield>
	<datafield ind1="0" ind2="7" tag="630">
		<subfield code="a">Amālī (Qālī, Abū ʻAlī Ismāʻīl ibn al-Qāsim)</subfield>
		<subfield code="2">fast</subfield>
		<subfield code="0">(OCoLC)fst01378503</subfield>
	</datafield>
	<datafield ind1="1" ind2=" " tag="700">
		<subfield code="a">Rājkūtī, ʻAbd al-ʻAzīz al-Maymanī.</subfield>
		<subfield code="t">Dhayl al-Laʼālī.</subfield>
	</datafield>
	<datafield ind1="2" ind2=" " tag="710">
		<subfield code="a">Columbia University.</subfield>
		<subfield code="b">Libraries.</subfield>
	</datafield>
	<datafield ind1="0" ind2=" " tag="730">
		<subfield code="a">Arabic Collections Online.</subfield>
	</datafield>
	<datafield ind1=" " ind2=" " tag="752">
		<subfield code="a">Egypt</subfield>
		<subfield code="d">Cairo.</subfield>
	</datafield>
	<datafield ind1="0" ind2="8" tag="776">
		<subfield code="i">Print version:</subfield>
		<subfield code="a">Bakrī, Abū ʻUbayd ʻAbd Allāh ibn ʻAbd al-ʻAzīz, 1040-1094.</subfield>
		<subfield code="t">Simṭ al-Laʼālī</subfield>
		<subfield code="w">(NNC)3368901</subfield>
		<subfield code="w">(OCoLC)40985719</subfield>
	</datafield>
	<datafield ind1="4" ind2="0" tag="856">
		<subfield code="u">http://hdl.handle.net/2333.1/c866t51s</subfield>
	</datafield>
	<datafield ind1=" " ind2=" " tag="959">
		<subfield code="a">NNU</subfield>
		<subfield code="b">WEB</subfield>
		<subfield code="c">GENI</subfield>
		<subfield code="t">0</subfield>
		<subfield code="m">Electronic access</subfield>
		<subfield code="s">01</subfield>
	</datafield>
	<datafield ind1=" " ind2=" " tag="999">
		<subfield code="i">NNC_3368901</subfield>
		<subfield code="o">(OCoLC)ocm40985719 </subfield>
		<subfield code="s">columbia_aco001809:v.1</subfield>
		<subfield code="s">columbia_aco001810:v.2-3</subfield>
		<subfield code="e">(ERROR-880)</subfield>
	</datafield>
</record>
